% This file was created with JabRef 2.10.
% Encoding: ISO8859_1


@Book{Abramowitz1964,
  Title                    = {Handbook of Mathematical Functions with Formulas, Graphs, and Mathematical Tables},
  Author                   = {Milton Abramowitz and Irene A. Stegun},
  Publisher                = {Dover},
  Year                     = {1964},
  Edition                  = {9th}
}

@Article{Akaike,
  Title                    = {{Fitting Autoregressive Models For Prediction}},
  Author                   = {H. Akaike},
  Journal                  = {Annals of the Institute of Statistical Mathematics},
  Year                     = {1969},
  Number                   = {1},
  Volume                   = {21}
}

@Article{Andersen1974,
  Title                    = {{On The Calculation Of Filter Coefficients For Maximum Entropy Spectral Analysis}},
  Author                   = {N. Andersen},
  Journal                  = {Geophysics},
  Year                     = {1974},
  Number                   = {1},
  Volume                   = {39}
}

@Article{Baker2002,
  Title                    = {{A technique for the determination of O-18/O-16 and O-17/O-16 isotopic ratios in water from small liquid and solid samples}},
  Author                   = {Baker, L. and Franchi, I. A. and Maynard, J. and Wright, I. P. and Pillinger, C. T.},
  Journal                  = {Analytical Chemistry},
  Year                     = {2002},
  Number                   = {7},
  Pages                    = {1665--1673},
  Volume                   = {74}
}

@Article{Bantaetal2008,
  Title                    = {{Spatial and temporal variability in snow accumulation at the West Antarctic Ice Sheet Divide over recent centuries}},
  Author                   = {Banta, J. R. and McConnell, J. R. and Frey, M. M. and Bales, R. C. and Taylor, K.},
  Journal                  = {Journal of Geophysical Research},
  Year                     = {2008},
   Volume                   = {113}
}

@Article{Barkan2007,
  Title                    = {{Diffusivity fractionations of (H$_2$O)-O-16/(H$_2$O)-O-17 and (H$_2$O)-O-16/(H$_2$O)-O-18 in air and their implications for isotope hydrology}},
  Author                   = {Barkan, E. and Luz, B.},
  Journal                  = {Rapid Communications In Mass Spectrometry},
  Year                     = {2007},
  Number                   = {18},
  Pages                    = {2999--3005},
  Volume                   = {21}
}

@Article{Barkan2005,
  Title                    = {{High precision measurements of O-17/O-16 and O-18/O-16 ratios in (H$_2$O)}},
  Author                   = {Barkan, E. and Luz, B.},
  Journal                  = {Rapid Communications In Mass Spectrometry},
  Year                     = {2005},
  Number                   = {24},
  Pages                    = {3737--3742},
  Volume                   = {19}
}

@Article{Begley1997,
  Title                    = {High-precision $\delta\mathrm{^{2}H}$ and $\delta\mathrm{^{18}O}$ measurement for water and volatile organic compounds by continuous-flow pyrolysis isotope ratio mass spectrometry},
  Author                   = {Begley, I. S. and Scrimgeour, C. M.},
  Journal                  = {Analytical Chemistry},
  Year                     = {1997},
  Number                   = {8},
  Pages                    = {1530--1535},
  Volume                   = {69}
}

@Article{BIGELEISEN1952,
  Title                    = {Conversion Of Hydrogenic Materials To Hydrogen For Isotopic Analysis},
  Author                   = {Bigeleisen, J. and Perlman, M. L. and Prosser, H. C.},
  Journal                  = {Analytical Chemistry},
  Year                     = {1952},
  Number                   = {8},
  Pages                    = {1356--1357},
  Volume                   = {24}
}

@Article{Bigeleisen1952,
  Title                    = {Conversion Of Hydrogenic Materials To Hydrogen For Isotopic Analysis},
  Author                   = {Bigeleisen, J. and Perlman, M. L. and Prosser, H. C.},
  Journal                  = {Analytical Chemistry},
  Year                     = {1952},
  Number                   = {8},
  Pages                    = {1356--1357},
  Volume                   = {24}
}

@Article{Blicks1966,
  Title                    = {Diffusion Von Protonen (tritonen) In Reinen Und Dotierten Eis-einkristallen},
  Author                   = {Blicks, H. and Dengel, O. and Riehl, N.},
  Journal                  = {Physik Der Kondensiterten Materie},
  Year                     = {1966},
  Number                   = {5},
  Pages                    = {375--381},
  Volume                   = {4}
}

@Article{Brand2009,
  Title                    = {Cavity ring-down spectroscopy versus high-temperature conversion isotope ratio mass spectrometry; a case study on $\delta\mathrm{^{2}H}$ and $\delta\mathrm{^{18}O}$ of pure water samples and alcohol/water mixtures},
  Author                   = {Brand, W. A. and Geilmann, Heike and Crosson, Eric R. and Rella, Chris W.},
  Journal                  = {Rapid Communications in Mass Spectrometry},
  Year                     = {2009},
  Number                   = {12},
  Pages                    = {1879--1884},
  Volume                   = {23}
}

@PhdThesis{Burg,
  Title                    = {{ Maximum Energy Spectral Analysis}},
  Author                   = {J. P. Burg },
  School                   = {Stanford University},
  Year                     = {1975}
}

@Article{Cias1992,
  Title                    = {{Evidence for an early Holocene climatic optimum in the Antarctic deep ice-core record}},
  Author                   = {P. Cias and J. R. Petit and J. Jouzel and C. Lorius and N. I. Barkov and V. Lipenkov and V. Nicola√Øev},
  Journal                  = {Climate Dynamics.},
  Year                     = {1992},
  Volume                   = {6},

  Page                     = {169-177}
}

@Article{craig,
  Title                    = {{Isotopic Variations in Meteroric Water}},
  Author                   = {H. Craig},
  Journal                  = {Science},
  Year                     = {1961},
  Volume                   = {133},
  Number 			= {3465},
  Pages 			= {1702--1703}
}

@Article{Crosson2008,
  Title                    = {A cavity ring-down analyzer for measuring atmospheric levels of methane, carbon dioxide, and water vapor},
  Author                   = {Crosson, E. R.},
  Journal                  = {Applied Physics B-Lasers And Optics},
  Year                     = {2008},
  Number                   = {3},
  Pages                    = {403--408},
  Volume                   = {92}
}

@Article{Cuffey1994,
  Title                    = {{Calibration Of the Delta-O-18 isotopic paleothermometer for central Greenland, using borehole temperatures}},
  Author                   = {Cuffey, K. M. and Alley, R. B. and Grootes, P. M. and Bolzan, J. M. and Anandakrishnan, S.},
  Journal                  = {Journal Of Glaciology},
  Year                     = {1994},
  Number                   = {135},
  Pages                    = {341--349},
  Volume                   = {40}
}

@Article{Dorthe1998,
  Title                    = {{Past temperatures directly from the Greenland Ice Sheet}},
  Author                   = {Dahl-Jensen, D. and Mosegaard, K. and Gundestrup, N. and  Clow, G. D and Johnsen, S. J. and Hansen, A. W. and Balling, N.},
  Journal                  = {Science},
  Year                     = {1998},
  Pages                    = {268--271},
  Volume                   = {282},
  Number 			= {5387}
  
}

@Article{Dansgaard,
  Title                    = {Stable isotopes in precipitation},
  Author                   = {W. Dansgaard},
  Journal                  = {Tellus B},
  Year                     = {1964},
  Volume                   = {16},
  Number			= {4},
  Pages 			= {436--468}
}

@Article{Dansgaard2,
  Title                    = {The $^{18}${O}-abundance in fresh water},
  Author                   = {W. Dansgaard},
  Journal                  = {Geochimica et Cosmochimica Acta},
  Year                     = {1954},
  Volume                   = {6},
  Number			= {5--6},
  Pages 			= {241--260}
}

@Article{DJmodel,
  Title                    = {{A flow model and a time scale for the ice core from Camp Century, Greenland}},
  Author                   = {W. Dansgaard and S. J. Johnsen},
  Journal                  = {Journal of Glaciology},
  Year                     = {1969},
  Number                   = {53},
  Volume                   = {8}
}

@Article{Delibaltas1966,
  Title                    = {Diffusion Von $^{18}\text{O}$ In Eis-einkristallen},
  Author                   = {Delibaltas, P. and Dengel, O. and Helmreich, D. and Riehl, N. and Simon, H.},
  Journal                  = {Physik Der Kondensiterten Materie},
  Year                     = {1966},
  Number                   = {3},
  Pages                    = {166--170},
  Volume                   = {5}
}

@Article{Ellehoj2013,
  Title                    = {{Ice-vapor equilibrium fractionation factor of hydrogen and oxygen isotopes: Experimental investigations and implications for stable water isotope studies}},
  Author                   = {M. D. Ellehoj and H. C. Steen-Larsen and S. J. Johnsen and M. B. Madsen},
  Journal                  = {Rapid Communications in Mass Spectrometry},
  Year                     = {2013},
  Volume                   = {27},
  Pages 			= {2149--2158}
}

@Article{Emanuelsson2015,
  Title                    = {High-resolution continuous-flow analysis setup for water isotopic measurement from ice cores using laser spectroscopy},
  Author                   = {Emanuelsson, B. D. and Baisden, W. T. and Bertler, N. A. N. and Keller, E. D. and Gkinis, V.},
  Journal                  = {Atmos. Meas. Tech.},
  Year                     = {2015},
  Number                   = {7},
  Pages                    = {2869--2883},
  Volume                   = {8}
}

@Article{Epstein1951,
  Title                    = {Carbonate-water isotopic temperature scale},
  Author                   = {Epstein, S. and Buchsbaum, R. and Lowenstam, H. and Urey, H.C.},
  Journal                  = {Geological Society of America Bulletin},
  Year                     = {1951},
  Number                   = {4},
  Pages                    = {417},
  Volume                   = {62}
}

@Article{Fick,
  Title                    = {{Ueber Diffusion}},
  Author                   = {A. Fick},
  Journal                  = {Annalen der Physik},
  Year                     = {1855},
  Volume                   = {170},
  Number 			= {1},
  Pages 			= {59--86}
}

@Article{Gehre1996,
  Title                    = {Sample preparation device for quantitative hydrogen isotope analysis using chromium metal},
  Author                   = {Gehre, M. and Hoefling, R. and Kowski, P. and Strauch, G.},
  Journal                  = {Analytical Chemistry},
  Year                     = {1996},
  Number                   = {24},
  Pages                    = {4414--4417},
  Volume                   = {68}
}


@Article{Gkinis2011,
  Title                    = {Water isotopic ratios from a continuously melted ice core sample},
  Author                   = {Gkinis, V. and Popp, T. J. and Blunier, T. and Bigler, M. and Schupbach, S. and Kettner, E. and Johnsen, S. J.},
  Journal                  = {Atmospheric Measurement Techniques},
  Year                     = {2011},
  Number                   = {11},
  Pages                    = {2531--2542},
  Volume                   = {4}
}

@phdthesis{Gkinis2011b,
  author = {V. Gkinis },
  year = {2011}, 
  title = {{ High resolution water isotope data from ice cores}},
  school= "University of Copenhagen",
}

@Article{Gkinis2014,
  Title                    = {{Water isotope diffusion rates from the NorthGRIP ice core for the last 16,000 years - glaciological and paleoclimatic implications}},
  Author                   = {V. Gkinis and S. B. Simonsen and S. L. Buchardt and J. W. C. White and B. M. Vinther},
  Journal                  = {Earth and Planetary Science Letters},
  Year                     = {2014},
  Volume                   = {405},
  Page                     = {132--141}
}

@Article{Guillevic2013,
  Title                    = {{Spatial gradients of temperature, accumulation and $\delta^{18}$O-ice in Greenland over a series of Dansgaard‚Äì-Oeschger events}},
  Author                   = {M. Guillevic and L. Bazin and A. Landais and P. Kindler and A. Orsi and V. Masson-Delmotte and T. Blunier and S. L. Buchardt and E. Capron and M . Leuenberger and P. Martinerie and F. Prie and B. M. Vinther},
  Journal                  = {Climate of the Past},
  Year                     = {2013},
  Pages                    = {1029--1051},
  Volume                   = {9}
}

@Article{Hall1976,
  Title                    = {{The Survival of Ice Particles Falling from Cirrus Clouds in Subsaturated Air}},
  Author                   = {Hall, W. D. and Pruppacher, H. R.},
  Journal                  = {Journal of the Atmospheric Sciences},
  Year                     = {1976},
  Number                   = {10},
  Pages                    = {1995--2006},
  Volume                   = {33}
}

@Article{Herron,
  Title                    = {{Firn Densification: An Empiricial Model}},
  Author                   = {M. M. Herron and C. C. Langway},
  Journal                  = {Journal of Glaciology},
  Year                     = {1980},
  Number                   = {93},
  Volume                   = {25}
}

@Article{Huber2005,
  Title                    = {On-line systems for continuous water and gas isotope ratio measurements},
  Author                   = {Huber, C. and Leuenberger, M.},
  Journal                  = {Isotopes In Environmental And Health Studies},
  Year                     = {2005},
  Number                   = {3},
  Pages                    = {189--205},
  Volume                   = {41}
}

@Article{Itagaki1964,
  Title                    = {Self-Diffusion in Single Crystals of Ice},
  Author                   = {Itagaki, Kazuhiko},
  Journal                  = {J. Phys. Soc. Jpn.},
  Year                     = {1964},
  Number                   = {6},
  Pages                    = {1081--1081},
  Volume                   = {19}
}

@Article{Johnsen2000,
  Title                    = {{Diffusion of stable isotopes in polar firn and ice: the isotope effect in firn diffusion}},
  Author                   = {S.J. Johnsen and H. B. Clausen and K. M. Cuffey and G. Hoffmann and J. Schwander and T. Creyts},
  Journal                  = {Physics of Ice Core Records},
  Year                     = {2000},
  Pages                     = {121--140}
}

@Article{Johnsen1977,
  Title                    = {{Stable Isotope Homogenization of Polar Firn and Ice}},
  Author                   = {S. J. Johnsen},
  Journal                  = {Isotopes and Impurities in Snow and Ice},
  Year                     = {1977},
  Pages                    = {210--219}
}

@Article{JOHNSEN1995a,
  Title                    = {{Greenland paleotemperatures derived from GRIP bore hole temperature and ice core isotope profiles}},
  Author                   = {Johnsen, S. J. and Dahl Jensen, D. and Dansgaard, W. and Gundestrup, N.},
  Journal                  = {Tellus B-Chemical And Physical Meteorology},
  Year                     = {1995},
  Number                   = {5},
  Pages                    = {624--629},
  Volume                   = {47}
}

@Article{Johnsen2001,
  Title                    = {Oxygen isotope and palaeotemperature records from six {G}reenland ice-core stations: {C}amp {C}entury, {D}ye-3, {GRIP}, {GISP2}, {R}enland and {N}orth{GRIP}},
  Author                   = {S. J. Johnsen and D. Dahl-Jensen and N. Gundestrup and J. P. Steffensen and H. B. Clausen and H. Miller and V. Masson-Delmotte and A. E. Sveinbj√∂rnsdottir and J. White},
  Journal                  = {Journal of Quaternary Science},
  Year                     = {2001},
  Volume                   = {16},
  Number 			= {4},
  Page                     = {299-307}
}

@Article{Johnsen1989,
  Title                    = {The origin of {A}rctic precipitation under present and glacial conditions},
  Author                   = {S. J. Johnsen and J. White},
  Journal                  = {Tellus},
  Year                     = {1989},
  Volume                   = {41B},
  Pages			= {452--468}
}

@Article{Jouzel1997,
  Title                    = {Validity of the temperature reconstruction from water isotopes in ice cores},
  Author                   = {Jouzel, J. and Alley, R. B. and Cuffey, K. M. and Dansgaard, W. and Grootes, P. and Hoffmann, G. and Johnsen, S. J. and Koster, R. D. and Peel, D. and Shuman, C. A. and Stievenard, M. and Stuiver, M. and White, J.},
  Journal                  = {Journal Of Geophysical Research-Oceans},
  Year                     = {1997},
  Number                   = {C12},
  Pages                    = {26471--26487},
  Volume                   = {102}
}

@Article{Jouzel1984,
  Title                    = {Deuterium and oxygen 18 in precipitation: modeling of the isotopic effects during snow formation},
  Author                   = {Jouzel, J. and Merlivat, L.},
  Journal                  = {Journal of Geophysical Research-Atmospheres},
  Year                     = {1984},
  Number                   = {D7},
  Pages                    = {11749 -- 11759},
  Volume                   = {89}
}

@Article{Kay1981,
  Title                    = {{Spectrum Analysis - A Modern Perspective}},
  Author                   = {S. M. Kay and S. L. Marple},
  Journal                  = {Proceedings of the IEEE},
  Year                     = {1981},
  Number                   = {11},
  Volume                   = {69}
}

@Article{Kaye,
  Title                    = {{Spectrum Analysis - A Modern Perspective}},
  Author                   = {S. M. Kay and S. L. Marple},
  Journal                  = {Proceedings of the IEEE},
  Year                     = {1981},
  Number                   = {11},
  Volume                   = {69}
}

@Article{Kawamuraetal2003,
  Title                    = {Atmospheric $\mathrm{CO}_2$ variations over the last three glacial-interglacial climatic cycles deduced from the {D}ome {F}uji
				deep ice core, {A}ntarctica using a wet extraction technique},
  Author                   = {Kawamura, K. and Nakazawa, T. and Aoki, S. and Sugawara, S. and Fujii, Y. and Watanabe, O.},
  Journal                  = {Tellus},
  Year                     = {2003},
  Pages                    = {126--137},
  Volume                   = {55B}
}

@Article{Kobashi2011,
  Title                    = {{High variability of Greenland surface temperature over the past 4000 years estimated from trapped air in an ice core}},
  Author                   = {T. Kobashi and K. Kawamura and J.P. Severinghaus and J.-M. Barnola and T. Nakaegawa and B.M. Vinther and S.J. Johnsen and J.E. Box},
  Journal                  = {Geophysics Res. Lett.},
  Year                     = {2011},
  Number                   = {L21501},
  Volume                   = {38}
}

@Misc{Lamb2015,
  Title                    = {Laboratory measurements of {HDO/H$_2$O} isotopic fractionation during ice deposition in simulated cirrus clouds},
  Author                   = {Kara Lamb and Ben Clouser and Maximilien Bolot and Laszlo Sarkozy and Volker Ebert and Harald Saathoff and Ottmar M√∂hler and Elisabeth Moyer},
  Note                     = {preprint},
  Year                     = {2015},
  Journal                  = {arXiv}
}

@Article{Livingston2002,
  Title                    = {General trends for bulk diffusion in ice and surface diffusion on ice},
  Author                   = {Livingston, F. E. and Smith, J. A. and George, S. M.},
  Journal                  = {Journal of Physical Chemistry A},
  Year                     = {2002},
  Number                   = {26},
  Pages                    = {6309--6318},
  Volume                   = {106}
}

@Article{Livingston1997,
  Title                    = {{Diffusion of HDO into single-crystal (H$_2$O)-O-16 ice multilayers: Comparison with (H$_2$O)-O-18}},
  Author                   = {Livingston, F. E. and Whipple, G. C. and George, S. M.},
  Journal                  = {Journal of Physical Chemistry B},
  Year                     = {1997},
  Number                   = {32},
  Pages                    = {6127--6131},
  Volume                   = {101}
}

@Article{Lorius1979,
  Title                    = {{A 30,000-yr isotope climatic record from Antarctic ice}},
  Author                   = {Lorius, C. and Merlivat, L. and Jouzel, J. and Pourchet, M.},
  Journal                  = {Nature},
  Year                     = {1979},
  Pages                    = {644 -- 648},
  Volume                   = {280}
}

@Article{Majoube1971,
  Title                    = {{Fractionation factor of $^{18}${O} between water vapour and ice}},
  Author                   = {M. Majoube},
  Journal                  = {Nature},
  Year                     = {1970},
  Number                   = {1242},
  Volume                   = {226}
}

@Article{Meijer1998,
  Title                    = {{The use of electrolysis for accurate delta O-17 and delta O-18 isotope measurements in water}},
  Author                   = {Meijer, H. A. J. and Li, W. J.},
  Journal                  = {Isotopes In Environmental And Health Studies},
  Year                     = {1998},
  Number                   = {4},
  Pages                    = {349--369},
  Volume                   = {34}
}

@Article{MerlivatandJouzel,
  Title                    = {{Global Climatic Interpretation of the {D}euterium-{O}xygen 18 Relationship for Precipitation}},
  Author                   = {L. Merlivat and J. Jouzel},
  Journal                  = {Journal of Geophysical Research},
  Year                     = {1979},
  Number                   = {8},
  Volume                   = {84}
}

@Article{MerlivatJouzel1979,
  Title                    = {{Global Climate Interpretation of the Deuterium-Oxygen 18 Relationship for Precipitation}},
  Author                   = {L. Merlivat and J. Jouzel},
  Journal                  = {Journal of Geophysical Research},
  Year                     = {1979},
  Volume                   = {84}
}

@Article{Merlivat1967,
  Title                    = {{Fractionnement Isotopique Lors Des Changements Detat Solide-Vapeur Et Liquide-Vapeur De Leau A Des Temperatures Inferieures A 0 Degrees C}},
  Author                   = {Merlivat, L. and Nief, G.},
  Journal                  = {Tellus},
  Year                     = {1967},
  Number                   = {1},
  Pages                    = {122--127},
  Volume                   = {19}
}

@Book{IAEA,
  Title                    = {{Environmental Isotopes in the Hydrological Cycle Principles and Applications}},
  Author                   = {J. Mook},
  Publisher                = {International Atomic Energy Agency},
  Year                     = {2000}
}

@Article{Murphy2006,
  Title                    = {Review of the vapour pressures of ice and supercooled water for atmospheric applications},
  Author                   = {D. M. Murphy and T. Koop},
  Journal                  = {Q.J.R. Meteorol. Soc.},
  Year                     = {2006},
  Volume                   = {131},
  Pages 			= {1539--1565}
}

@Article{NGRIPmembers2004,
  Title                    = {{High-resolution record of Northern Hemisphere climate extending into the last interglacial period}},
  Author                   = {{\relax NGRIP members}},
  Journal                  = {Nature},
  Year                     = {2004},
  Number                   = {7005},
  Pages                    = {147--151},
  Volume                   = {431}
}

@Article{Oerter2004,
  Title                    = {{The EPICA ice core Droning Maud Land: first results from stable-isotope measurements}},
  Author                   = {H. Oerter and W. Graf and H. Meyer and F. Wilhelms},
  Journal                  = {Ann. Glaciol.},
  Year                     = {2004},
  Volume                   = {39},
  Pages                     = {307-312}
}

@Book{RECIPES,
  Title                    = {Numerical Recipes: The Art of Scientific Computing},
  Author                   = {Press, William H. and Teukolsky, Saul A. and Vetterling, William T. and Flannery, Brian P. },
  Publisher                = {{Cambridge University Press}},
  Year                     = {2007},
  Month                    = {August}
}

@Article{Ramseier1967,
  Title                    = {Self-Diffusion Of Tritium In Natural And Synthetic Ice Monocrystals},
  Author                   = {Ramseier, R. O.},
  Journal                  = {Journal Of Applied Physics},
  Year                     = {1967},
  Number                   = {6},
  Pages                    = {2553--2556},
  Volume                   = {38}
}

@Article{Rasmussen2013,
  Title                    = {{A first chronology for the North Greenland Eemian Ice Drilling (NEEM) ice core}},
  Author                   = {S. O. Rasmussen and P. M. Abbott and T. Blunier and A.J. Bourne and E. Brook and S. L. Buchardt and C. Buizert and J. Chappellaz and H. B. Clausen and
 E. Cook and D. Dahl-Jensen and S. M. Davies and M. Guillevic and S. Kipfstuhl and T. Laepple and I. K. Seierstad and J.P. Severinghaus and
 J. P. Steffensen and C. Stowasser and A. Svensson and P. Vallelonga and B. M. Vinther and F. Wilhelms and M. Winstrup},
  Journal                  = {Climate of the Past},
  Year                     = {2013},
  Pages                    = {2713--2730},
  Volume                   = {9}
}

@Article{Rasmussen2014,
  Title                    = {A stratigraphic framework for abrupt climatic changes during the Last Glacial period based on three synchronized Greenland ice-core records: refining and extending the INTIMATE event stratigraphy},
  Author                   = {Rasmussen, Sune O. and Bigler, Matthias and Blockley, Simon P. and Blunier, Thomas and Buchardt, Susanne L. and Clausen, Henrik B. and Cvijanovic, Ivana and Dahl-Jensen, Dorthe and Johnsen, Sigfus J. and Fischer, Hubertus and Gkinis, Vasileios and Guillevic, Myriam and Hoek, Wim Z. and Lowe, J. John and Pedro, Joel B. and Popp, Trevor and Seierstad, Inger K. and Steffensen, Jorgen Pederrgen Peder and Svensson, Anders M. and Vallelonga, Paul and Vinther, Bo M. and Walker, Mike J.C. and Wheatley, Joe J. and Winstrup, Mai},
  Journal                  = {Quaternary Science Reviews},
  Year                     = {2014},
  Pages                    = {14--28},
  Volume                   = {106}
}

@Article{Schwander1996,
  Title                    = {{Gas diffusion in firn}},
  Author                   = {J. Schwander},
  Journal                  = {Chemical exchange between the atmosphere and polar snow},
  Year                     = {1996},
  Pages                    = {527--540}
}

@Article{Schwander1988,
  Title                    = {{Air mixing in firn and the age of the air at pore close-off}},
  Author                   = {J. Schwander and B. Stauffer and A. Sigg},
  Journal                  = {Annals of Glaciology},
  Year                     = {1988},
  Pages                    = {141 --145}
}

@Article{Severinghaus1999,
  Title                    = {Abrupt climate change at the end of the last glacial period inferred from trapped air in polar ice},
  Author                   = {Severinghaus, J. P. and Brook, E. J.},
  Journal                  = {Science},
  Year                     = {1999},
  Number                   = {5441},
  Pages                    = {930--934},
  Volume                   = {286}
}

@Article{Severinghaus1998,
  Title                    = {{Timing of abrupt climate change at the end of the Younger Dryas interval from thermally fractionated gases in polar ice}},
  Author                   = {Severinghaus, J. P. and Sowers, T. and Brook, E. J. and Alley, R. B. and Bender, M. L.},
  Journal                  = {Nature},
  Year                     = {1998},
  Number                   = {6663},
  Pages                    = {141--146},
  Volume                   = {391}
}

@Article{Simonsen2011,
  Title                    = {{Past surface temperatures at the NorthGRIP drill site from the difference in firn diffusion of water isotopes}},
  Author                   = {S. B. Simonsen and S. J. Johnsen and T. J. Popp and B. M. Vinther and V. Gkinis and H. C. Steen-Larsen},
  Journal                  = {Climate of the Past},
  Year                     = {2011},
  Volume                   = {7},
  Page                     = {1327-1335}
}


@Article{Svensson2015,
  Title                    = {{On the occurrence of annual layers in Dome Fuji ice core early Holocene Ice}},
  Author                   = {Svensson,  A. and Fujita, S. and Bigler, M. and Braun, M. and Dallmayr, R. and Gkinis, V.
				and Goto-Azuma, K. and Hirabayashi, M. and Kawamura, K. and Kipfstuhl, S. and Kj√¶r, H. A. and Popp, T. and Simonsen, M. and
				Steffensen, J. P. and Vallelonga, P. and Vinther, B. M.},
  Journal                  = {Climate of the Past},
  Year                     = {2015},
  Volume                   = {11},
  Pages 			= {1127--1137}
}

@Article{HC2015,
  Title                    = {{Moisture sources and synoptic to seasonal variability of North Atlantic water vapor isotopic composition}},
  Author                   = {H. C. Steen-Larsen and A. E. Sveinbj√∂rnsdottir and Th. Jonsson and F. Ritter and J.-L. Bonne and V. Masson-Delmotte and H. Sodemann and T. Blunier and D. Dahl-Jensen and B. M. Vinther},
  Journal                  = {Journal of Geophysical Research: Atmospheres},
  Year                     = {2015},
  Volume                   = {120}
}

@Article{Steig2013,
  Title                    = {{Recent climate and ice-sheet change in West Antarctica compared to the past 2000 years}},
  Author                   = {Steig, E. J and Ding, Q. and White, J. W. C. and K√ºttel, M. and Rupper, S. B. and Neumann, T. A. and Neff, P. D. and Gallant, A. J. E. and Mayewski, P. A. and
Taylor, K. C. and Hoffmann, G. and Dixon, D. A. and Schoenemann, S. and Markle B. M. and Schneider, D. P. and Fudge, T. J and Schauer, A. J. and Teel, R. P. and Vaughn, B. and Burgener, L and Williams, J. and Korotkikh, E.},
  Journal                  = {Nature Geoscience},
  Year                     = {2013},
  Volume                   = {6}
}

@Article{Steig2014,
  Title                    = {{Calibrated high-precision 17O-excess measurements using cavity ring-down spectroscopy with laser-current-tuned cavity resonance}},
  Author                   = {Steig, E. J. and Gkinis, V. and Schauer, A. J. and Schoenemann, S. W. and Samek, K. and Hoffnagle, J. and Dennis, K. J. and Tan, S. M.},
  Journal                  = {Atmos. Meas. Tech.},
  Year                     = {2014},
  Number                   = {8},
  Pages                    = {2421--2435},
  Volume                   = {7}
}

@Article{Ulrych,
  Title                    = {{Maximum Entropy Spectral Analysis and Autoregressive Decomposition}},
  Author                   = {T. J. Ulrych and T. N. Bishop},
  Journal                  = {Reviews of Geophysics and Space Physics},
  Year                     = {1975},
  Number                   = {1},
  Volume                   = {13}
}

@Article{vanderWel2015a,
  Title                    = {Estimation and calibration of the water isotope differential diffusion length in ice core records},
  Author                   = {van der Wel, G. and Fischer, H. and Oerter, H. and Meyer, H. and Meijer, H. A. J.},
  Journal                  = {The Cryosphere},
  Year                     = {2015},
  Number                   = {4},
  Pages                    = {1601--1616},
  Volume                   = {9}
}

@Article{Vaughn1998,
  Title                    = {An automated system for hydrogen isotope analysis of water},
  Author                   = {Vaughn, B. H. and White, J. W. C. and Delmotte, M. and Trolier, M. and Cattani, O. and Stievenard, M.},
  Journal                  = {Chemical Geology},
  Year                     = {1998},
  Number                   = {3-4},
  Pages                    = {309--319},
  Volume                   = {152}
}

@Article{Veres2013,
  Title                    = {{The Antarctic ice core chronology (AICC2012): an optimized multi-parameter and multi-site dating approach for the last 120 thousand years}},
  Author                   = {D. Veres and L. Bazin and A. Landais and H. Toye Mahamadou Kele and B. B. Lemieux-Dudon and F. Parrenin and P. Martinerie and E. Blayo and T. Blunier and E. Capron and J. Chappellaz and S. O. Rasmussen and M. Severi and A. Svensson and B. Vinther and E. W. Wolff},
  Journal                  = {Climate of the Past},
  Year                     = {2013},
  Volume                   = {9},
  Page                     = {1733-1748}
}

@Article{Vinther2009,
  Title                    = {{H}olocene thinning of the {G}reenland ice sheet},
  Author                   = {B. M. Vinther and S. L. Buchardt and H. B. Clausen and D. Dahl-Jensen and S. J. Johnsen and D. A. Fisher and R. M. Koerner and D. Raynaud and V. Lipenkov and K. K. Andersen and T. Blunier and S. O. Rasmussen and J. P. Steffensen and A. M. Svensson},
  Journal                  = {Nature},
  Year                     = {2009},
  Volume                   = {461}
}

@Article{Vinther2006,
  Title                    = {A synchronized dating of three Greenland ice cores throughout the Holocene},
  Author                   = {Vinther, B. M. and Clausen, H. B. and Johnsen, S. J. and Rasmussen, S. O. and Andersen, K. K. and Buchardt, S. L. and Dahl-Jensen, D. and Seierstad, I. K. and Siggaard-Andersen, M. L. and Steffensen, J. P. and Svensson, A. and Olsen, J. and Heinemeier, J.},
  Journal                  = {Journal Of Geophysical Research-Atmospheres},
  Year                     = {2006},
  Number                   = {D13102},
  Volume                   = {111}
}

@Article{Watanabeetal2003,
  Title                    = {{D}ating of the {D}ome {F}uji, {A}ntarctica deep ice core},
  Author                   = {Watanabe, O. and Shoji, H. and Satow, K and, Motoyama, H. and Fujii, Y. and Narita, H. and Aoki S.},
  Journal                  = {Mem. Natl Inst. Polar Res., Spec. Issue},
  Year                     = {2003},
  Pages                    = {25--37},
  Volume                   = {57}
}

